<record><leader>00000cas a2200000 a 4500</leader><controlfield tag="001">41438142</controlfield><controlfield tag="008">990526d19301981caucr ne      0    0eng c</controlfield><datafield ind1=" " ind2=" " tag="010"><subfield code="a">sn 99060883 </subfield></datafield><datafield ind1=" " ind2=" " tag="040"><subfield code="a">CNK</subfield><subfield code="b">eng</subfield><subfield code="c">CNK</subfield><subfield code="d">CNK</subfield><subfield code="d">OCLCQ</subfield><subfield code="d">OCLCF</subfield><subfield code="d">OCLCO</subfield></datafield><datafield ind1="1" ind2=" " tag="029"><subfield code="a">AU@</subfield><subfield code="b">000020230305</subfield></datafield><datafield ind1=" " ind2=" " tag="042"><subfield code="a">pcc</subfield></datafield><datafield ind1=" " ind2=" " tag="043"><subfield code="a">n-us-ca</subfield></datafield><datafield ind1="0" ind2=" " tag="130"><subfield code="a">Ledger (Montrose, Calif.)</subfield></datafield><datafield ind1="1" ind2="4" tag="245"><subfield code="a">The ledger.</subfield></datafield><datafield ind1="1" ind2=" " tag="246"><subfield code="i">Sunday issues published as:</subfield><subfield code="a">Sunday ledger</subfield><subfield code="f">Jan. 22, 1956-Jan. 7, 1978</subfield></datafield><datafield ind1="1" ind2=" " tag="246"><subfield code="i">Published as:</subfield><subfield code="a">Foothill ledger</subfield><subfield code="f">Feb. 11, 1978</subfield></datafield><datafield ind1="1" ind2="3" tag="246"><subfield code="a">Crescenta Valley ledger</subfield><subfield code="f">Oct. 3, 1930-July 24, 1931; Apr. 29, 1932-Aug. 11, 1938</subfield></datafield><datafield ind1=" " ind2=" " tag="260"><subfield code="a">Montrose, Calif. :</subfield><subfield code="b">Carroll W. Parcher and Frank H. Pilling</subfield></datafield><datafield ind1=" " ind2=" " tag="300"><subfield code="a">v.</subfield></datafield><datafield ind1=" " ind2=" " tag="310"><subfield code="a">Semiweekly,</subfield><subfield code="b">Jan. 22, 1956-Dec. 31, 1981</subfield></datafield><datafield ind1=" " ind2=" " tag="321"><subfield code="a">Weekly,</subfield><subfield code="b">Oct. 3, 1930-Jan. 19, 1956</subfield></datafield><datafield ind1="0" ind2=" " tag="362"><subfield code="a">Vol. 9, no. 4 (Oct. 3, 1930)-v. 60, no. 97 (Dec. 31, 1981).</subfield></datafield><datafield ind1=" " ind2=" " tag="500"><subfield code="a">"Crescenta Valley" appears in small print in masthead, Apr. 29, 1932-Aug. 11, 1938.</subfield></datafield><datafield ind1=" " ind2=" " tag="500"><subfield code="a">"Crescenta-Canada Valley Ledger" appears in small print in masthead, Apr. 14, 1949-Aug. 10, 1950.</subfield></datafield><datafield ind1=" " ind2=" " tag="500"><subfield code="a">Issues for Jan. 12, 1978-Dec. 31, 1981 called Foothill ed.</subfield></datafield><datafield ind1=" " ind2="0" tag="651"><subfield code="a">La Can&#771;ada Flintridge (Calif.)</subfield><subfield code="v">Newspapers.</subfield></datafield><datafield ind1=" " ind2="0" tag="651"><subfield code="a">La Crescenta (Calif.)</subfield><subfield code="v">Newspapers.</subfield></datafield><datafield ind1=" " ind2="0" tag="651"><subfield code="a">Montrose (Calif.)</subfield><subfield code="v">Newspapers.</subfield></datafield><datafield ind1=" " ind2="7" tag="655"><subfield code="a">Newspapers.</subfield><subfield code="2">fast</subfield><subfield code="0">(OCoLC)fst01423814</subfield></datafield><datafield ind1=" " ind2="7" tag="651"><subfield code="a">California</subfield><subfield code="z">La Can&#771;ada Flintridge.</subfield><subfield code="2">fast</subfield><subfield code="0">(OCoLC)fst01247840</subfield></datafield><datafield ind1=" " ind2="7" tag="651"><subfield code="a">California</subfield><subfield code="z">La Crescenta.</subfield><subfield code="2">fast</subfield><subfield code="0">(OCoLC)fst01272919</subfield></datafield><datafield ind1=" " ind2="7" tag="651"><subfield code="a">California</subfield><subfield code="z">Montrose.</subfield><subfield code="2">fast</subfield><subfield code="0">(OCoLC)fst01250293</subfield></datafield><datafield ind1=" " ind2=" " tag="752"><subfield code="a">United States</subfield><subfield code="b">California</subfield><subfield code="c">Los Angeles</subfield><subfield code="d">Montrose.</subfield></datafield><datafield ind1="0" ind2=" " tag="775"><subfield code="t">Ledger (Montrose, Calif. : Sunland-Tujunga ed.)</subfield><subfield code="w">(DLC)sn 99060892</subfield></datafield><datafield ind1="0" ind2=" " tag="775"><subfield code="t">Ledger (Glendale, Calif.)</subfield><subfield code="w">(DLC)sn 95061171</subfield></datafield><datafield ind1="0" ind2=" " tag="775"><subfield code="t">Ledger (Glendale, Calif. : Burbank ed.)</subfield><subfield code="w">(DLC)sn 99060897</subfield></datafield><datafield ind1="0" ind2=" " tag="775"><subfield code="t">Ledger (Montrose, Calif. : Ledger west ed.)</subfield><subfield code="w">(DLC)sn2009271008</subfield><subfield code="w">(OCoLC)418292613</subfield></datafield><datafield ind1="0" ind2="0" tag="780"><subfield code="t">Crescenta Valley ledger</subfield><subfield code="w">(DLC)sn 99060882</subfield></datafield></record>